@article{barrachina2009statistical,
  title={Statistical approaches to computer-assisted translation},
  author={Barrachina, Sergio and Bender, Oliver and Casacuberta, Francisco and Civera, Jorge and Cubel, Elsa and Khadivi, Shahram and Lagarda, Antonio and Ney, Hermann and Tom{\'a}s, Jes{\'u}s and Vidal, Enrique and others},
  journal={Computational Linguistics},
  volume={35},
  number={1},
  pages={3--28},
  year={2009},
  publisher={MIT Press}
}

@article{allen2003post,
  title={Post-editing},
  author={Allen, Jeffrey},
  journal={Benjamins Translation Library},
  volume={35},
  pages={297--318},
  year={2003},
  publisher={JOHN BENJAMINS BV}
}

@inproceedings{brown1990human,
  title={Human-computer interaction for semantic disambiguation},
  author={Brown, Ralf D and Nirenburg, Sergei},
  booktitle={Proceedings of the 13th conference on Computational linguistics-Volume 3},
  pages={42--47},
  year={1990},
  organization={Association for Computational Linguistics}
}

@article{brown1993mathematics,
  title={The mathematics of statistical machine translation: Parameter estimation},
  author={Brown, Peter F and Pietra, Vincent J Della and Pietra, Stephen A Della and Mercer, Robert L},
  journal={Computational linguistics},
  volume={19},
  number={2},
  pages={263--311},
  year={1993},
  publisher={MIT Press}
}

@article{church1993good,
  title={Good applications for crummy machine translation},
  author={Church, Kenneth W and Hovy, Eduard H},
  journal={Machine Translation},
  volume={8},
  number={4},
  pages={239--258},
  year={1993},
  publisher={Springer}
}

@inproceedings{foster2000maximum,
  title={A maximum entropy/minimum divergence translation model},
  author={Foster, George},
  booktitle={Proceedings of the 38th Annual Meeting on Association for Computational Linguistics},
  pages={45--52},
  year={2000},
  organization={Association for Computational Linguistics}
}

@article{foster1997target,
  title={Target-text mediated interactive machine translation},
  author={Foster, George and Isabelle, Pierre and Plamondon, Pierre},
  journal={Machine Translation},
  volume={12},
  number={1-2},
  pages={175--194},
  year={1997},
  publisher={Springer}
}

@inproceedings{how2005optimizing,
  title={Optimizing predictive text entry for short message service on mobile phones},
  author={How, Yijue and Kan, Min-Yen},
  booktitle={Proceedings of HCII},
  volume={5},
  year={2005}
}

@inproceedings{masui1998efficient,
  title={An efficient text input method for pen-based computers},
  author={Masui, Toshiyuki},
  booktitle={Proceedings of the SIGCHI conference on Human factors in computing systems},
  pages={328--335},
  year={1998},
  organization={ACM Press/Addison-Wesley Publishing Co.}
}

@phdthesis{mcinnes2004extending,
  title={Extending the log likelihood measure to improve collocation identification},
  author={McInnes, Bridget T},
  year={2004},
  school={Citeseer}
}

@inproceedings{papineni2002bleu,
  title={BLEU: a method for automatic evaluation of machine translation},
  author={Papineni, Kishore and Roukos, Salim and Ward, Todd and Zhu, Wei-Jing},
  booktitle={Proceedings of the 40th annual meeting on association for computational linguistics},
  pages={311--318},
  year={2002},
  organization={Association for Computational Linguistics}
}

@inproceedings{silfverberg2000predicting,
  title={Predicting text entry speed on mobile phones},
  author={Silfverberg, Miika and MacKenzie, I Scott and Korhonen, Panu},
  booktitle={Proceedings of the SIGCHI conference on Human factors in computing systems},
  pages={9--16},
  year={2000},
  organization={ACM}
}

@inproceedings{tiedemann2012parallel,
  title={Parallel Data, Tools and Interfaces in OPUS.},
  author={Tiedemann, J{\"o}rg},
  booktitle={LREC},
  pages={2214--2218},
  year={2012}
}

@inproceedings{foster2002transtype,
  title={TransType: text prediction for translators},
  author={Foster, George and Langlais, Philippe and Lapalme, Guy},
  booktitle={Proceedings of the second international conference on Human Language Technology Research},
  pages={372--374},
  year={2002},
  organization={Morgan Kaufmann Publishers Inc.}
}